
@article{sturman_ballistic_2020,
	title = {Ballistic and shift currents in the bulk photovoltaic effect theory},
	volume = {63},
	issn = {1063-7869},
	url = {https://iopscience.iop.org/article/10.3367/UFNe.2019.06.038578/meta},
	doi = {10.3367/UFNe.2019.06.038578},
	abstract = {Ballistic and shift currents in the bulk photovoltaic effect theory, B I Sturman},
	language = {en},
	number = {4},
	urldate = {2024-06-27},
	journal = {Phys.-Usp.},
	author = {Sturman, B. I.},
	month = apr,
	year = {2020},
	note = {Publisher: IOP Publishing},
	pages = {407},
	file = {Full Text PDF:C\:\\Users\\ASUS\\Zotero\\storage\\WWUVR55B\\Sturman - 2020 - Ballistic and shift currents in the bulk photovolt.pdf:application/pdf},
}
